% code de Meudon
@ARTICLE{LePetit2006,
       author = {{Le Petit}, Franck and {Nehm{\'e}}, Cyrine and {Le Bourlot}, Jacques and
         {Roueff}, Evelyne},
        title = "{A Model for Atomic and Molecular Interstellar Gas: The Meudon PDR Code}",
      journal = {\apjs},
     keywords = {Astrochemistry, ISM: General, ISM: Molecules, Methods: Numerical, Astrophysics},
         year = "2006",
        month = "Jun",
       volume = {164},
       number = {2},
        pages = {506-529},
          doi = {10.1086/503252},
archivePrefix = {arXiv},
       eprint = {astro-ph/0602150},
 primaryClass = {astro-ph},
       adsurl = {https://ui.adsabs.harvard.edu/abs/2006ApJS..164..506L},
      adsnote = {Provided by the SAO/NASA Astrophysics Data System}
}

% code Hydra d'Emeric
@ARTICLE{Bron2018,
       author = {{Bron}, Emeric and {Ag{\'u}ndez}, Marcelino and {Goicoechea}, Javier R. and
         {Cernicharo}, Jos{\'e}},
        title = "{Photoevaporating PDR models with the Hydra PDR Code}",
      journal = {arXiv e-prints},
     keywords = {Astrophysics - Astrophysics of Galaxies},
         year = "2018",
        month = "Jan",
          eid = {arXiv:1801.01547},
        pages = {arXiv:1801.01547},
archivePrefix = {arXiv},
       eprint = {1801.01547},
 primaryClass = {astro-ph.GA},
       adsurl = {https://ui.adsabs.harvard.edu/abs/2018arXiv180101547B},
      adsnote = {Provided by the SAO/NASA Astrophysics Data System}
}

% Draine 
@book{DraineBook,
    author = {{Draine}, Bruce T},
    title = {Physics of the interstellar and intergalactic medium},
    year = 2011,
    publisher = {"Princeton University Press"}
}
    

% HCl
@ARTICLE{Neufire2009,
   author = {{Neufeld}, D.~A. and {Wolfire}, M.~G.},
    title = "{The Chemistry of Interstellar Molecules Containing the Halogen Elements}",
  journal = {\apj},
archivePrefix = "arXiv",
   eprint = {0910.1927},
 keywords = {ISM: abundances, ISM: clouds, ISM: molecules, infrared: ISM, molecular processes, submillimeter},
     year = 2009,
    month = dec,
   volume = 706,
    pages = {1594-1604},
      doi = {10.1088/0004-637X/706/2/1594},
   adsurl = {http://adsabs.harvard.edu/abs/2009ApJ...706.1594N},
  adsnote = {Provided by the SAO/NASA Astrophysics Data System}
}

% Version du code utlisé dans Neufire2009
@ARTICLE{Kaufman2006,
   author = {{Kaufman}, M.~J. and {Wolfire}, M.~G. and {Hollenbach}, D.~J.
	},
    title = "{[Si II], [Fe II], [C II], and H$_{2}$ Emission from Massive Star-forming Regions}",
  journal = {\apj},
 keywords = {Galaxies: ISM, Infrared: ISM, ISM: Atoms, ISM: Lines and Bands, ISM: Molecules},
     year = 2006,
    month = jun,
   volume = 644,
    pages = {283-299},
      doi = {10.1086/503596},
   adsurl = {https://ui.adsabs.harvard.edu/abs/2006ApJ...644..283K},
  adsnote = {Provided by the SAO/NASA Astrophysics Data System}
}


% émission du HCl
@article{Neufeld2012,
author = {Neufeld, David A. and Roueff, Evelyne and Snell, Ronald L. and Lis, Dariusz and Benz, Arnold O. and Bruderer, Simon and Black, John H. and {De Luca}, Massimo and Gerin, Maryvonne and Goldsmith, Paul F. and Gupta, Harshal and Indriolo, Nick and {Le Bourlot}, Jacques and {Le Petit}, Franck and Larsson, Bengt and Melnick, Gary J. and Menten, Karl M. and Monje, Raquel and Nagy, Zs{\'{o}}fia and Phillips, Thomas G. and Sandqvist, Aage and Sonnentrucker, Paule and van der Tak, Floris and Wolfire, Mark G.},
doi = {10.1088/0004-637X/748/1/37},
file = {:home/antoine/.local/share/data/Mendeley Ltd./Mendeley Desktop/Downloaded/Neufeld et al. - 2012 - HERSCHEL OBSERVATIONS OF INTERSTELLAR CHLORONIUM.pdf:pdf},
journal = {The Astrophysical Journal},
month = {mar},
number = {1},
pages = {37},
title = {{HERSCHEL OBSERVATIONS OF INTERSTELLAR CHLORONIUM}},
url = {http://stacks.iop.org/0004-637X/748/i=1/a=37?key=crossref.19733955e2840992f64faf6ca3296825},
volume = {748},
year = {2012}
}

% structure de la PDR avec la compression
@ARTICLE{Goicoechea2016,
   author = {{Goicoechea}, J.~R. and {Pety}, J. and {Cuadrado}, S. and {Cernicharo}, J. and 
	{Chapillon}, E. and {Fuente}, A. and {Gerin}, M. and {Joblin}, C. and 
	{Marcelino}, N. and {Pilleri}, P.},
    title = "{Compression and ablation of the photo-irradiated molecular cloud the Orion Bar}",
  journal = {\nat},
archivePrefix = "arXiv",
   eprint = {1608.06173},
     year = 2016,
    month = sep,
   volume = 537,
    pages = {207-209},
      doi = {10.1038/nature18957},
   adsurl = {https://ui.adsabs.harvard.edu/abs/2016Natur.537..207G},
  adsnote = {Provided by the SAO/NASA Astrophysics Data System}
}

% Raies d'émissions OI,CII,effet photoelctrique
@article{Rollig2005,
	author = {{R\"ollig, M.} and {Ossenkopf, V.} and {Jeyakumar, S.} and {Stutzki, J.} and {Sternberg, A.}},
	title = {[CII] 158~ission and metallicity  in photon dominated regions},
	DOI= "10.1051/0004-6361:20053845",
	url= "https://doi.org/10.1051/0004-6361:20053845",
	journal = {A\&A},
	year = 2006,
	volume = 451,
	number = 3,
	pages = "917-924",
}

% formule de l'effet photoelctrique avec les PAH
@article{BakesTielens1994,
author = {Bakes, E. L. O. and Tielens, A. G .G. M.},
isbn = {9783540773405},
journal = {The Astrophysical Journal},
pages = {822},
title = {{The Photoelctric Heating Mechanism For Very Small Graphitic Grains and Polycyclic Aromatic Hydrocarbons}},
volume = {427},
year = {1994}
}

% couplage gaz grains
@ARTICLE{Hollenbach1991,
   author = {{Hollenbach}, D.~J. and {Takahashi}, T. and {Tielens}, A.~G.~G.~M.
	},
    title = "{Low-density photodissociation regions}",
  journal = {\apj},
 keywords = {Infrared Spectra, Interstellar Chemistry, Interstellar Gas, Molecular Clouds, Photodissociation, Radiative Transfer, Chemical Equilibrium, Far Ultraviolet Radiation, Radiation Distribution, Thermodynamic Equilibrium},
     year = 1991,
    month = aug,
   volume = 377,
    pages = {192-209},
      doi = {10.1086/170347},
   adsurl = {https://ui.adsabs.harvard.edu/abs/1991ApJ...377..192H},
  adsnote = {Provided by the SAO/NASA Astrophysics Data System}
}

% Approximation température des grains
@ARTICLE{HollenbachTakahashiTielens_1991,
   author = {{Hollenbach}, D.~J. and {Takahashi}, T. and {Tielens}, A.~G.~G.~M.
	},
    title = "{Low-density photodissociation regions}",
  journal = {\apj},
 keywords = {Infrared Spectra, Interstellar Chemistry, Interstellar Gas, Molecular Clouds, Photodissociation, Radiative Transfer, Chemical Equilibrium, Far Ultraviolet Radiation, Radiation Distribution, Thermodynamic Equilibrium},
     year = 1991,
    month = aug,
   volume = 377,
    pages = {192-209},
      doi = {10.1086/170347},
   adsurl = {https://ui.adsabs.harvard.edu/abs/1991ApJ...377..192H},
  adsnote = {Provided by the SAO/NASA Astrophysics Data System}
}


% observation du CO par Herschel
@article{COJoblin,
	author = {{Joblin, C.} and {Bron, E.} and {Pinto, C.} and {Pilleri, P.} and {Le Petit, F.} and {Gerin, M.} and {Le Bourlot, J.} and {Fuente, A.} and {Berne, O.} and {Goicoechea, J. R.} and {Habart, E.} and {K\"ohler, M.} and {Teyssier, D.} and {Nagy, Z.} and {Montillaud, J.} and {Vastel, C.} and {Cernicharo, J.} and {R\"ollig, M.} and {Ossenkopf-Okada, V.} and {Bergin, E. A.}},
	title = {Structure of photodissociation fronts in star-forming regions revealed by Herschelservations of high-J CO emission lines},
	DOI= "10.1051/0004-6361/201832611",
	url= "https://doi.org/10.1051/0004-6361/201832611",
	journal = {A\&A},
	year = 2018,
	volume = 615,
	pages = "A129",
}

% émission lyman alpha
@book{tielens2005, 
    place={Cambridge}, 
    title={The Physics and Chemistry of the Interstellar Medium},
    DOI={10.1017/CBO9780511819056}, publisher={Cambridge University Press}, 
    author={Tielens, A. G. G. M.},
    year={2005}
}

% Recombinaison de H+ sur les grains
@article{Weingartner_2001,
	doi = {10.1086/324035},
	url = {https://doi.org/10.1086%2F324035},
	year = 2001,
	month = {dec},
	publisher = {{IOP} Publishing},
	volume = {563},
	number = {2},
	pages = {842--852},
	author = {Joseph C. Weingartner and B. T. Draine},
	title = {Electron-Ion Recombination on Grains and Polycyclic Aromatic Hydrocarbons},
	journal = {The Astrophysical Journal}
}

% recombinaison électronique sur les grains 
@ARTICLE{WolfireHollenbachMcKeeTielensBakes_1995,
   author = {{Wolfire}, M.~G. and {Hollenbach}, D. and {McKee}, C.~F. and 
	{Tielens}, A.~G.~G.~M. and {Bakes}, E.~L.~O.},
    title = "{The neutral atomic phases of the interstellar medium}",
  journal = {\apj},
 keywords = {Atomic Energy Levels, Gas Heating, Gas Temperature, Interstellar Matter, Ion Production Rates, Thermodynamic Equilibrium, Abundance, Cosmic Background Explorer Satellite, Cosmic X Rays, Metallicity, Particle Size Distribution, Phase Diagrams, Photoelectric Effect, Polycyclic Aromatic Hydrocarbons, Radiation Distribution},
     year = 1995,
    month = apr,
   volume = 443,
    pages = {152-168},
      doi = {10.1086/175510},
   adsurl = {https://ui.adsabs.harvard.edu/abs/1995ApJ...443..152W},
  adsnote = {Provided by the SAO/NASA Astrophysics Data System}
}

% pe sur les grains avec PAH
@article{Wolfire_2003,
	doi = {10.1086/368016},
	url = {https://doi.org/10.1086%2F368016},
	year = 2003,
	month = {apr},
	publisher = {{IOP} Publishing},
	volume = {587},
	number = {1},
	pages = {278--311},
	author = {Mark G. Wolfire and Christopher F. McKee and David Hollenbach and A. G. G. M. Tielens},
	title = {Neutral Atomic Phases of the Interstellar Medium in the Galaxy},
	journal = {The Astrophysical Journal}
}

% shielding de la molécule H2
@article{DraineBertoldi_1996,
   author = {{Draine}, B.~T. and {Bertoldi}, F.},
    title = "{Structure of Stationary Photodissociation Fronts}",
  journal = {\apj},
   eprint = {astro-ph/9603032},
 keywords = {INFRARED: ISM: LINES AND BANDS, ISM: REFLECTION NEBULAE, MOLECULAR PROCESSES, RADIATIVE TRANSFER, ULTRAVIOLET: ISM},
     year = 1996,
    month = sep,
   volume = 468,
    pages = {269},
      doi = {10.1086/177689},
   adsurl = {https://ui.adsabs.harvard.edu/abs/1996ApJ...468..269D},
  adsnote = {Provided by the SAO/NASA Astrophysics Data System}
}

% extinction par les grains
@article{SternbergLePetit2014,
	doi = {10.1088/0004-637x/790/1/10},
	url = {https://doi.org/10.1088%2F0004-637x%2F790%2F1%2F10},
	year = 2014,
	month = {jun},
	publisher = {{IOP} Publishing},
	volume = {790},
	number = {1},
	pages = {10},
	author = {Amiel Sternberg and Franck Le Petit and Evelyne Roueff and Jacques Le Bourlot},
	title = {H I-{TO}-H2TRANSITIONS {AND} H I {COLUMN} {DENSITIES} {IN} {GALAXY} {STAR}-{FORMING} {REGIONS}},
	journal = {The Astrophysical Journal}
}

% Approximation FGK, schéma
@article{FGK,
author = {Le Petit, Franck and Le Bourlot, Jacques and Roueff, Evelyne and Nehmé, Cyrine},
year = {2006},
month = {02},
pages = {},
title = {A Model for Atomic and Molecular Interstellar Gas: The Meudon PDR Code},
volume = {164},
journal = {The Astrophysical Journal Supplement Series},
doi = {10.1086/503252}
}

% Autre formule de pompage UV de H2
@ARTICLE{BialySternberg_2019,
       author = {{Bialy}, Shmuel and {Sternberg}, Amiel},
        title = "{Thermal Phases of the Neutral Atomic Interstellar Medium -- from Solar Metallicity to Primordial Gas}",
      journal = {arXiv e-prints},
     keywords = {Astrophysics - Astrophysics of Galaxies, Astrophysics - Solar and Stellar Astrophysics},
         year = "2019",
        month = "Feb",
          eid = {arXiv:1902.06764},
        pages = {arXiv:1902.06764},
archivePrefix = {arXiv},
       eprint = {1902.06764},
 primaryClass = {astro-ph.GA},
       adsurl = {https://ui.adsabs.harvard.edu/abs/2019arXiv190206764B},
      adsnote = {Provided by the SAO/NASA Astrophysics Data System}
}

